;;;;;;;;;;;;;;;;;;;;;;;;;;;;;; -*- Mode: Bibtex -*- ;;;;;;;;;;;;;;;;;;;;;;;;;;;
;;; bib.bib --- 
;;; Author          : blehr
;;; Created On      : Thu Mar  4 02:28:45 1993
;;; Last Modified By: blehr
;;; Last Modified On: Thu Apr  8 18:16:22 1993
;;; RCS revision    : $Revision$ $Locker$
;;; Status          : Under extension....
;;;;;;;;;;;;;;;;;;;;;;;;;;;;;;;;;;;;;;;;;;;;;;;;;;;;;;;;;;;;;;;;;;;;;;;;;;;;;;

@Manual{lamport,
  title = 	 "{\LaTeX}---A Document Preparation System.  User's
		  Guide \& Reference Manual",
  author =	 "Lamport, L.",
  year =	 1986
}

@Book{digbild,
  author = 	 "Haber{\"a}cker, P.",
  title = 	 "Digitale Bildverarbeitung",
  publisher = 	 "Carl Hanser Verlag",
  year = 	 1991
}

@Article{deriche,
  author = 	 "Deriche, R.",
  title = 	 "Using {C}anny's criteria to derive a recursively
		  implemented optimal edge detector",
  journal =	 "International Journal of Computer Vision",
  year =	 1987,
  pages =	 "167--187"
}

@Article{canny,
  author = 	 "Canny, J.",
  title = 	 "A Computational Approach to Edge Detection",
  journal =	 "IEEE Transactions on Pattern Analysis and Machine
		  Intelligence",
  year =	 1986,
  volume =	 "PAMI-8",
  number =	 6,
  pages =	 "679--698",
  month =	 "November"
}

@InCollection{digpat,
  author = 	 "Rosenfeld, A. and Weszka, J. S.",
  title = 	 "Picture Recognition",
  booktitle =	 "Digital Pattern Recognition",
  publisher =	 "Springer Verlag",
  year =	 1980,
  editor =	 "Fu, K. S.",
  volume =	 10,
  series =	 "Communication and Cybernetics",
  chapter =	 5
}

@Article{template,
  author = 	 "Wagner, R. and Galiana, H. L.",
  title = 	 "Evaluation of Three Template Matching Algorithms for
		  Registering Images of the Eye",
  journal =	 "IEEE Transactions on Biomedical Engineering",
  year =	 1992,
  volume =	 39,
  number =	 12,
  pages =	 "1313--1319",
  month =	 "December"
}

@Book{digpic,
  author = 	 "Rosenfeld, A. and Kak, A. C.",
  title = 	 "Digital Picture Processing",
  publisher = 	 "Academic Press",
  year = 	 1976
}

@Book{brigham,
  author = 	 "Brigham, E. O.",
  title = 	 "The Fast Fourier Transform",
  publisher = 	 "Prentice-Hall",
  year = 	 1974
}

@Book{digim,
  author = 	 "Gonzalez, R. C. and Wintz, P.",
  title = 	 "Digital Image Processing",
  publisher = 	 "Addison-Wesley Publishing Company, Inc.",
  year = 	 1987
}

@Article{monitor,
  author = 	 "Myers, G. A. and Sherman, K. R. and Stark, L.",
  title = 	 "Eye Monitor: Microcomputer-Based Instrument Uses an
		  Internal Model to Track the Eye",
  journal =	 "Computer",
  year =	 1991,
  pages =	 "14--21",
  month =	 "March"
}

@Article{oculometer,
  author = 	 "Bach, M. and Buois, D. and Fischer, B.",
  title = 	 "An accurate and linear infrared oculometer",
  journal =	 "Journal of Neuroscience Methods",
  year =	 1983,
  volume =	 9,
  pages =	 "9--14"
}

@Article{tv,
  author = 	 "Nagao, S.",
  title = 	 "A non-invasive method for real-time eye position
		  recording with an infrared {TV}-camera",
  journal =	 "Neuroscience Research",
  year =	 1990,
  number =	 8,
  pages =	 "210--213"
}

@Article{robinson,
  author = 	 "Robinson, D. A.",
  title = 	 "A method of measuring eye movement using a scleral
		  search coil in a magnetic field",
  volume =	 "BME-10",
  pages =	 "137--145",
  journal =	 "IEEE Transactions on Biomedical Engineering",
  year =	 1963,
  month =	 "October"
}

@Article{allik,
  author = 	 "Allik, J. and Rauk, M. and Luuk, A.",
  title = 	 "Control and sense of eye movement behind closed eye
		  lids",
  journal =	 "Perception",
  year =	 1981,
  volume =	 10,
  pages =	 "39--51"
}

@Article{reulen,
  author = 	 "Reulen, J. P. H. and Bakker, L.",
  title = 	 "The measurement of eye movement using double
		  magnetic induction",
  volume =	 "BME-29",
  pages =	 "740--744",
  journal =	 "IEEE Transactions on Biomedical Engineering",
  year =	 1982,
  month =	 "November"
}

@Article{coil,
  author = 	 "Bour, L. J. and van Gisbergen, J. A. M. and
		  Bruijns, J. and Ottes, F. P.",
  title = 	 "The Double Magnetic Induction Method for Measuring
		  Eye Movement---Results in Monkey and Man",
  journal =      "IEEE Transactions on Biomedical Engineering",
  volume =       "BME-31",
  number =       5,
  pages =        "419--427",
  year =	 1984,
  month =	 "May"
}

@Article{cat,
  author = 	 "Eckhorn, R. and Bauer, R. and Jordan, W. and Brosch,
		  M. and Kruse, W. and Munk, M. and Reitb{\"o}ck, H.
		  J.",
  title = 	 "Coherent Oscillations: A Mechanism of Feature
		  Linking in the Visual Cortex?  {M}ultiple Electrode
		  and Correlation Analysis in the Cat",
  journal =	 "Biologic Cybernetics",
  year =	 1988,
  volume =	 60,
  pages =	 "121--130"
}

@Article{singer1,
  author = 	 "Singer, W. and Gray, C. M. and Koenig, P. and Engel,
		  A.",
  title = 	 "Oscillatory Responses in Cat Visual Cortex Exhibit
		  Inter-Columnar Synchronization which Reflects Global
		  Stimulus Properties",
  journal =	 "Nature",
  year =	 1989,
  volume =	 338,
  pages =	 "334--337"
}

@Article{singer2,
  author = 	 "Singer, W. and Gray, C. M.",
  title = 	 "Stimulus-Specific Neuronal Oscillations in
		  Orientation Columns of Cat Visual Cortex",
  journal =	 "PNAS USA",
  year =	 1989,
  volume =	 86,
  pages =	 1698
}

@Unpublished{antrag,
  author = 	 "Eckhorn, R. and Bauer, R. and R{\"o}sler, F.",
  title = 	 "Synchronisation und {K}ognition",
  note = 	 "DFG grant application",
  year =	 1992,
  month =	 "April"
}

@InCollection{eckhorn1,
  author = 	 "Eckhorn, R.",
  title = 	 "Stimulus-evoked synchronizations in the visual
		  cortex: Linking of local features into global
		  figures?",
  booktitle =    "Springer Series in Synergetics",
  publisher =	 "Springer Verlag",
  year =	 1991,
  editor = 	 "Kr{\"u}ger, J.",
  pages =	 "184--224"
}

@Article{eckhorn2,
  author = 	 "Eckhorn, R. and Bauer, R. and Frien, A. and
		  W{\"o}lbern, T. and Kehr, H.",
  title = 	 "High frequency (60-90 Hz) oscillations in primary
		  visual cortex of awake monkey",
  journal =	 "NeuroReport",
  year =	 1993,
  note =	 "In press"
}

@Article{eckhorn3,
  author = 	 "Eckhorn, R. and Oberm{\"u}ller, A.",
  title = 	 "Single neurons are differently involved in
		  stimulus-specific oscillations in cat visual cortex",
  journal =	 "Experimental Brain Research",
  year =	 1993,
  note =	 "In press"
}

