@BOOK{nilsson,
	AUTHOR       = "Nilsson, Ulf and Ma{\l}uszy\'{n}ski, Jan",
	TITLE        = "Logic, Programming and Prolog",
	PUBLISHER    = "John Wiley \& Sons",
	YEAR         = "1990"}

@BOOK{gal,
	AUTHOR       = "Gal, Annie and Lapalme, Guy and Saint-Dizier,
	                Patrick and Somers, Harold",
	TITLE        = "Prolog for Natural Language Processing",
	PUBLISHER    = "John Wiley \& Sons",
	YEAR         = "1991"}

@BOOK{rich,
	AUTHOR       = "Rich, Elaine and Knight, Kevin",
	TITLE        = "Artificial Intelligence",
	PUBLISHER    = "McGraw-Hill, Inc.",
	YEAR         = "1991"}

@BOOK{pereira,
	AUTHOR       = "Pereira, Fernando C. N. and Shieber, Stuart M.",
	TITLE        = "Prolog and Natural-Language Analysis",
	PUBLISHER    = "Center for the Study of Language and
                        Information",
	YEAR         = "1987",
        NOTE         = "Lecture notes"}

@UNPUBLISHED{maehle,
	AUTHOR       = "M{\ae}hle, {\AA}smund",
	TITLE        = "Ekspertsystem for loven om norsk statsborgerskap
                        med brukergrensesnitt i naturlig spr{\aa}k",
	NOTE         = "Project Report, NTH",
	YEAR         = "1990"}

@MASTERSTHESIS{torulf,
	AUTHOR       = "Mollestad, Torulf",
	TITLE        = "Natural Language Interface to Databases:
                        Cooperating with the Casual User",
	SCHOOL       = "The Norwegian Institute of Technology (NTH)",
	YEAR         = "1989"}

@UNPUBLISHED{solon,
	AUTHOR       = "Amble, Tore",
	TITLE        = "Understanding Systems with Second Order Logic",
	INSTITUTION  = "Norwegian Institute of Technology (NTH)",
	NOTE         = "Technical report"}

@UNPUBLISHED{foredrag,
	AUTHOR       = "Amble, Tore",
	TITLE        = "Representasjon av regelverk i naturlig lesbar
		        logikk - Norsk lov om statsborgerrett som
                        ekspertsystem",
	INSTITUTION  = "SINTEF/RUNIT",
        YEAR         = "1987",
	NOTE         = "Lecture notes"}

@ARTICLE{british,
	AUTHOR       = "Sergot, M. J. and Sadri, F. and Kowalski, R. A.
                        and Kriwaczek, F. and Hammond, P. and Cory, H.
                        T.",
	TITLE        = "The British Nationality Act as a Logic
                        Program",
	JOURNAL      = "Communications of the ACM",
	MONTH        = "May",
	YEAR         = "1986",
	VOLUME       = "29",
	NUMBER       = "5"}

@MANUAL{sicstus,
	AUTHOR       = "Carlsson, Mats",
	TITLE        = "SICStus Prolog User's Manual",
	ORGANIZATION = "Swedish Institute of Computer Science",
	ADDRESS      = "PO Box 1263, S-16428 KISTA, Sweden",
	NOTE         = "Draft version: 21 February 1992"}

@MANUAL{lamport,
	AUTHOR       = "Lamport, Leslie",
	TITLE        = "A Document Preparation System - \LaTeX User's
                        Guide \& Reference Manual"}

@InCollection{grice,
  author = 	 "Grice, H. P.",
  title = 	 "Logic and Conversation",
  booktitle = "Syntax and Semantics",
  publisher = "Academic Press",
  year = 	 1975,
  editor = 	 "Cole, P. and Morgan, J. L.",
  volume = 	 3,
  series = 	 "Speech Acts",
  pages = 	 "41--58",
  address = 	 "New York"
}

@Book{amble,
  author = 	 "Amble, Tore",
  title = 	 "Logic Programming and Knowledge Engineering",
  publisher = 	 "Addison-Wesley Publishing Company",
  year = 	 1987
}

@Article{dcg,
  author = 	 "Pereira, Fernando C. N. and Warren, David H. D.",
  title = 	 "Definite clause grammars for language analysis - a
		  survey of the formalism and a comparison with
		  augmented transition networks",
  journal = 	 "Artificial Intelligence",
  year = 	 1980,
  volume = 	 13,
  pages = 	 "231--278"
}

@Book{logic,
  author = 	 "Hamilton, A. G.",
  title = 	 "Logic for Mathematicians",
  publisher = 	 "Cambridge University Press",
  year = 	 1988
}

@MastersThesis{eggen,
  author = 	 "Eggen, Jorunn and Hugaas, B{\aa}rd",
  title = 	 "Ekspertsystemskall i Prolog",
  school = 	 "The Norwegian Institute of Technology (NTH)",
  year = 	 1984
}

